%Don't forget the \ before any special characters in the url (%, $, _, and more).
%Here are templates for BibTex entries:
%https://verbosus.com/bibtex-style-examples.html

@online{OSU2016,
  title = {Cost of Attendance},
  author = {OSU},
  url = {http://financialaid.oregonstate.edu/review\_costofattendance},    
  urldate = {2016-11-28}
}

@online{HECC2015,
  title = {University Evaluation},
  author = {Higher Education Coordinating Commission},
  url = {https://www.oregon.gov/HigherEd/Documents/HECC/Reports-and-Presentations/LegReports/OSU.UniversityEval.2015.pdf},    
  urldate = {2016-11-28}
}

@online{DeptOfEdu2016,
  title = {College Scorecard},
  author = {US Department of Education},
  url = {https://collegescorecard.ed.gov/school/?209542-Oregon-State-University},
  urldate = {2016-11-28}
}

@online{Gazette2012,
  title = {OSU Tuition is Going Up},
  url = {http://www.gazettetimes.com/news/local/osu-tuition-is-going-up/article\_aaf39180-aab2-11e1-bdd3-001a4bcf887a.html},
  urldate = {2012-05-31},
  author = {Gail Cole}
}  
  
@online{OUS2013,
  title = {Oregon University System: Opportunities to Control Costs, Improve
Student Outcomes, and Clarify Governance Structure },
  url = {http://sos.oregon.gov/Documents/audits/full/2013/2013-09.pdf},
  urldate = {2013-04},
  author = {Kate Brown}
}

@online{TuitionHistory2017,
  title = {Tuition and Fee Historical Data},
  url = {http://www.oregon.gov/highered/research/Pages/tuition-fee-data.aspx
},
  urldate = {2017-11},
  author = {HECC}
}

@book{Zinsser1976,
  author    = {William Zinsser}, 
  title     = {On Writing Well},
  publisher = {The name of the publisher},
  year      = 1976,
  volume    = 1,
  series    = 1,
  address   = {HarperCollins},
  edition   = 1,
  month     = 1,
  note      = {An optional note},
  isbn      = {0-06-000664-1}
}